
@article{rudolph2021,
	title = {SIMULATION IN PRACTICE: THE BALANCING INTERCEPT},
	author = {Rudolph, Jacqueline E and Edwards, Jessie K and Naimi, Ashley I and Westreich, Daniel J},
	year = {2021},
	month = {08},
	date = {2021-08-01},
	journal = {American Journal of Epidemiology},
	pages = {1696--1698},
	volume = {190},
	number = {8},
	doi = {10.1093/aje/kwab039},
	url = {https://academic.oup.com/aje/article/190/8/1696/6140874},
	langid = {en}
}

@article{robertson2021,
	title = {Using Numerical Methods to Design Simulations: Revisiting the Balancing Intercept},
	author = {Robertson, Sarah E and Steingrimsson, Jon A and Dahabreh, Issa J},
	year = {2021},
	month = {11},
	date = {2021-11-04},
	journal = {American Journal of Epidemiology},
	pages = {kwab264},
	doi = {10.1093/aje/kwab264},
	url = {https://academic.oup.com/aje/advance-article/doi/10.1093/aje/kwab264/6420732},
	langid = {en}
}

@Manual{R2021,
    title = {R: A Language and Environment for Statistical Computing},
    author = {{R Core Team}},
    organization = {R Foundation for Statistical Computing},
    address = {Vienna, Austria},
    year = {2021},
    url = {https://www.R-project.org/},
  }
